@book{hatcher_2002,
  author    = {Hatcher, Allen},
  publisher = {Cambridge University Press},
  date      = {2002},
  title     = {Algebraic Topology},
}

@book{munkres_2018,
  author    = {Munkres, James Raymond},
  publisher = {Pearson},
  date      = {2018},
  title     = {Topology},
}

