@book{dummit_foote_2004,
  author    = {Dummit, David Steven. and Foote, Richard M.},
  publisher = {John Wiley & Sons},
  date      = {2004},
  title     = {Abstract algebra},
}

@book{hoffman_kunze_1981,
  author    = {Hoffman, Kenneth and Kunze, Ray},
  publisher = {Prentice Hall},
  date      = {1981},
  title     = {Linear Algebra},
}

@book{hungerford_2008,
  author    = {Hungerford, Thomas W.},
  publisher = {Springer},
  date      = {2008},
  title     = {Algebra},
}

@misc{smith,
  author       = {Smith, Roy},
  url          = {https://www.math.uga.edu/directory/people/roy-smith},
  journaltitle = {UGA Department of Mathematics},
  title        = {Algebra Notes by Roy Smith},
}

