@book{lee_2012, place={New York}, title={Introduction to smooth manifolds}, publisher={Springer}, author={Lee, John M.}, year={2012}}
